<record><leader>00000cas a22000007a 4500</leader><controlfield tag="001">21798745</controlfield><controlfield tag="008">900613d18921989maudn n       0    0eng d</controlfield><datafield ind1=" " ind2=" " tag="010"><subfield code="a">sn 89062373 </subfield></datafield><datafield ind1=" " ind2=" " tag="040"><subfield code="a">MGN</subfield><subfield code="b">eng</subfield><subfield code="c">MGN</subfield><subfield code="d">OCLCQ</subfield></datafield><datafield ind1=" " ind2=" " tag="042"><subfield code="a">msc</subfield></datafield><datafield ind1="0" ind2=" " tag="130"><subfield code="a">Malden evening news (Malden, Mass. : 1892)</subfield></datafield><datafield ind1="1" ind2="0" tag="245"><subfield code="a">Malden evening news.</subfield></datafield><datafield ind1=" " ind2=" " tag="260"><subfield code="a">Malden, Mass. :</subfield><subfield code="b">Malden Evening News Co.</subfield></datafield><datafield ind1=" " ind2=" " tag="300"><subfield code="a">v.</subfield></datafield><datafield ind1=" " ind2=" " tag="310"><subfield code="a">Daily (except Sun.)</subfield></datafield><datafield ind1="0" ind2=" " tag="362"><subfield code="a">Vol. 1, no. 1 (Mar. 16, 1892)-Oct. 27, 1989.</subfield></datafield><datafield ind1=" " ind2=" " tag="580"><subfield code="a">Merged with: Malden evening news (Malden, Mass. : 1892 : Everett ed.), and: Medford daily Mercury (Medford, Mass.), and: Melrose evening news, to form: The Daily news-Mercury.</subfield></datafield><datafield ind1=" " ind2=" " tag="752"><subfield code="a">United States</subfield><subfield code="b">Massachusetts</subfield><subfield code="c">Middlesex</subfield><subfield code="d">Malden.</subfield></datafield><datafield ind1="0" ind2="5" tag="780"><subfield code="t">Malden press (Malden, Mass. : 1934)</subfield><subfield code="w">(DLC)sn 89062378</subfield></datafield><datafield ind1="1" ind2="7" tag="785"><subfield code="t">Malden evening news (Malden, Mass. : 1892 : Everett ed.)</subfield></datafield><datafield ind1="1" ind2="7" tag="785"><subfield code="t">Medford daily Mercury (Medford, Mass.)</subfield><subfield code="w">(DLC)sn 89062404</subfield></datafield><datafield ind1="1" ind2="7" tag="785"><subfield code="t">Melrose evening news</subfield><subfield code="w">(DLC)sn 89062405</subfield></datafield><datafield ind1="1" ind2="7" tag="785"><subfield code="t">Daily news-Mercury</subfield><subfield code="w">(DLC)sn 92056761</subfield></datafield></record>